<?xml version="1.0" encoding="UTF-8"?><collection xmlns="http://www.loc.gov/MARC21/slim"><record><leader>00507nam--2200169-i-4500</leader><controlfield tag="001">000002235</controlfield><controlfield tag="002">20161230</controlfield><controlfield tag="005">20161230201024</controlfield><controlfield tag="008">060222s1000------------r-----000-0-eng-d</controlfield><datafield ind1=" " ind2=" " tag="040"><subfield code="a">IFIN-HH</subfield></datafield><datafield ind1=" " ind2=" " tag="080"><subfield code="a">537.312.62(043)</subfield></datafield><datafield ind1="1" ind2=" " tag="100"><subfield code="a">Toepke, Ival Lee</subfield></datafield><datafield ind1="1" ind2="0" tag="245"><subfield code="a">Superconductivity of thorium hydrides and thotium deutrides</subfield><subfield code="b">Dissertation</subfield><subfield code="c">Ival lee toepke</subfield></datafield><datafield ind1=" " ind2=" " tag="260"><subfield code="a">Ann Arbor, Michigan</subfield><subfield code="b">University Microfilms, Inc</subfield><subfield code="c">1971</subfield></datafield><datafield ind1=" " ind2=" " tag="300"><subfield code="a">85P</subfield></datafield><datafield ind1=" " ind2=" " tag="852"><subfield code="a">42712</subfield><subfield code="c">537.311.33</subfield></datafield><datafield ind1=" " ind2=" " tag="CAT"><subfield code="a">Sys</subfield><subfield code="c">20110722</subfield><subfield code="h">124042</subfield></datafield></record></collection>